@article{fawcett2006introduction,
  title={An introduction to ROC analysis},
  author={Fawcett, Tom},
  journal={Pattern recognition letters},
  volume={27},
  number={8},
  pages={861--874},
  year={2006},
  publisher={Elsevier}
}


  @Article{ROCR,
    entry = {article},
    title = {{ROCR}: visualizing classifier performance in {R}},
    author = {T. Sing and O. Sander and N. Beerenwinkel and T. Lengauer},
    year = {2005},
    journal = {Bioinformatics},
    volume = {21},
    number = {20},
    pages = {7881},
    url = {http://rocr.bioinf.mpi-sb.mpg.de},
  }
