@article{fawcett2006introduction,
	title={An introduction to ROC analysis},
	author={Fawcett, Tom},
	journal={Pattern recognition letters},
	volume={27},
	number={8},
	pages={861--874},
	year={2006},
	publisher={Elsevier}
}
	
	
@Article{ROCR,
	entry = {article},
	title = {{ROCR}: visualizing classifier performance in {R}},
	author = {T. Sing and O. Sander and N. Beerenwinkel and T. Lengauer},
	year = {2005},
	journal = {Bioinformatics},
	volume = {21},
	number = {20},
	pages = {7881},
	url = {http://rocr.bioinf.mpi-sb.mpg.de}
}
	
	
@Article{pROC,
	title = {{pROC}: an open-source package for {R} and {S+} to analyze and compare {ROC} curves},
	author = {Xavier Robin and Natacha Turck and Alexandre Hainard and Natalia Tiberti and Frédérique Lisacek and Jean-Charles Sanchez and Markus Müller},
	year = {2011},
	journal = {BMC Bioinformatics},
	volume = {12},
	pages = {77}
}
	



@Manual{fbroc,
    title = {fbroc: Fast Algorithms to Bootstrap Receiver Operating Characteristics
Curves},
    author = {Erik Peter},
    year = {2016},
    note = {R package version 0.4.0},
    url = {https://CRAN.R-project.org/package=fbroc},
  }



@article{jama,
author = {Maverakis E and Ma C and Shinkai K and et al},
title = {Diagnostic criteria of ulcerative pyoderma gangrenosum: A delphi consensus of international experts},
journal = {JAMA Dermatology},
volume = {154},
number = {4},
pages = {461-466},
year = {2018},
doi = {10.1001/jamadermatol.2017.5980},
URL = { + http://dx.doi.org/10.1001/jamadermatol.2017.5980},
eprint = {/data/journals/derm/936924/jamadermatology_maverakis_2018_cs_170003.pdf}
}


@article{jama2,
author = {Litvin TV and Bresnick GH and Cuadros JA and Selvin S and Kanai K and Ozawa GY},
title = {A revised approach for the detection of sight-threatening diabetic macular edema},
journal = {JAMA Ophthalmology},
volume = {135},
number = {1},
pages = {62-68},
year = {2017},
doi = {10.1001/jamaophthalmol.2016.4772},
URL = { + http://dx.doi.org/10.1001/jamaophthalmol.2016.4772},
eprint = {/data/journals/ophth/935943/jamaophthalmology_litvin_2016_oi_160098.pdf}
}


@article{jama3,
author = {Kelly EA and Parakininkas DE and Werlin SL and Southern JF and Johnston N and Kerschner JE},
title = {Prevalence of pediatric aspiration-associated extraesophageal reflux disease},
journal = {JAMA Otolaryngology–Head & Neck Surgery},
volume = {139},
number = {10},
pages = {996-1001},
year = {2013},
doi = {10.1001/jamaoto.2013.4448},
URL = { + http://dx.doi.org/10.1001/jamaoto.2013.4448},
eprint = {/data/journals/otol/928012/ooi130054.pdf}
}


@article{hsu2014inference,
  title={Inference for {ROC} curves based on estimated predictive indices: A note on testing {AUC} = 0.5},
  author={Hsu, Yu-Chin and Lieli, R},
  journal={Unpublished manuscript},
  year={2014}
}


@article{scikitlearn,
 title={Scikit-learn: Machine Learning in {P}ython},
 author={Pedregosa, F. and Varoquaux, G. and Gramfort, A. and Michel, V.
         and Thirion, B. and Grisel, O. and Blondel, M. and Prettenhofer, P.
         and Weiss, R. and Dubourg, V. and Vanderplas, J. and Passos, A. and
         Cournapeau, D. and Brucher, M. and Perrot, M. and Duchesnay, E.},
 journal={Journal of Machine Learning Research},
 volume={12},
 pages={2825--2830},
 year={2011}
}


  @Manual{reticulate,
    title = {{reticulate}: Interface to '{Python}'},
    author = {JJ Allaire and Kevin Ushey and Yuan Tang},
    note = {R package version 1.10.0.9001},
    year = {2018},
    url = {https://github.com/rstudio/reticulate},
  }




@article{hanley1982meaning,
  title={The meaning and use of the area under a receiver operating characteristic ({ROC}) curve.},
  author={Hanley, James A and McNeil, Barbara J},
  journal={Radiology},
  volume={143},
  number={1},
  pages={29--36},
  year={1982}
}


@article{saito2015precision,
  title={The precision-recall plot is more informative than the {ROC} plot when evaluating binary classifiers on imbalanced datasets},
  author={Saito, Takaya and Rehmsmeier, Marc},
  journal={PloS one},
  volume={10},
  number={3},
  pages={e0118432},
  year={2015},
  publisher={Public Library of Science}
}


@article{pepe2009estimation,
  title={Estimation and comparison of receiver operating characteristic curves},
  author={Pepe, Margaret and Longton, Gary and Janes, Holly},
  journal={The Stata Journal},
  volume={9},
  number={1},
  pages={1},
  year={2009},
  publisher={NIH Public Access}
}


  @Manual{caTools,
    title = {{caTools}: Tools: moving window statistics, {GIF}, {Base64}, {ROC} {AUC}, etc.},
    author = {Jarek Tuszynski},
    year = {2018},
    note = {R package version 1.17.1.1},
    url = {https://CRAN.R-project.org/package=caTools},
  }


@article{delong,
  title={Comparing the areas under two or more correlated receiver operating characteristic curves: a nonparametric approach},
  author={DeLong, Elizabeth R and DeLong, David M and Clarke-Pearson, Daniel L},
  journal={Biometrics},
  pages={837--845},
  year={1988},
  publisher={JSTOR}
}


@article{bamber1975area,
  title={The area above the ordinal dominance graph and the area below the receiver operating characteristic graph},
  author={Bamber, Donald},
  journal={Journal of mathematical psychology},
  volume={12},
  number={4},
  pages={387--415},
  year={1975},
  publisher={Elsevier}
}


@article{sas,
  title={9.4 [Computer Program]},
  author={SAS, SAS and Version, STAT},
  journal={Cary, NC: SAS Institute},
  year={2017}
}

@article{stata,
  title={Release 13. Statistical software},
  author={Stata, Statt},
  journal={StataCorp LP, College Station, TX},
  year={2013}
}


@article{glaveckaite2011value,
  title={Value of scar imaging and inotropic reserve combination for the prediction of segmental and global left ventricular functional recovery after revascularisation},
  author={Glaveckaite, Sigita and Valeviciene, Nomeda and Palionis, Darius and Skorniakov, Viktor and Celutkiene, Jelena and Tamosiunas, Algirdas and Uzdavinys, Giedrius and Laucevicius, Aleksandras},
  journal={Journal of Cardiovascular Magnetic Resonance},
  volume={13},
  number={1},
  pages={35},
  year={2011},
  publisher={BioMed Central}
}


@article{blumberg2016technology,
  title={Technology and the glaucoma suspect},
  author={Blumberg, Dana M and De Moraes, Carlos Gustavo and Liebmann, Jeffrey M and Garg, Reena and Chen, Cynthia and Theventhiran, Alex and Hood, Donald C},
  journal={Investigative ophthalmology \& visual science},
  volume={57},
  number={9},
  pages={OCT80--OCT85},
  year={2016},
  publisher={The Association for Research in Vision and Ophthalmology}
}


@article{budwega2016factors,
  title={Factors associated with significant {MRI} findings in medical walk-in patients with acute headache},
  author={Budwega, Joris and Sprengerb, Till and De Vere-Tyndalld, Anthony and Hagenkordd, Anne and Stippichd, Christoph and Bergera, Christoph T},
  journal={Swiss Med Wkly},
  volume={146},
  pages={w14349},
  year={2016}
}


@article{mwipatayi2016durability,
  title={Durability of the balloon-expandable covered versus bare-metal stents in the Covered versus Balloon Expandable Stent Trial ({COBEST}) for the treatment of aortoiliac occlusive disease},
  author={Mwipatayi, Bibombe P and Sharma, Surabhi and Daneshmand, Ali and Thomas, Shannon D and Vijayan, Vikram and Altaf, Nishath and Garbowski, Marek and Jackson, Mark and Benveniste, Glen and Denton, Michael and others},
  journal={Journal of vascular surgery},
  volume={64},
  number={1},
  pages={83--94},
  year={2016},
  publisher={Elsevier}
}


@Article{matplotlib,
  Author    = {Hunter, J. D.},
  Title     = {Matplotlib: A {2D} graphics environment},
  Journal   = {Computing In Science \& Engineering},
  Volume    = {9},
  Number    = {3},
  Pages     = {90--95},
  abstract  = {Matplotlib is a 2D graphics package used for Python
  for application development, interactive scripting, and
  publication-quality image generation across user
  interfaces and operating systems.},
  publisher = {IEEE COMPUTER SOC},
  doi       = {10.1109/MCSE.2007.55},
  year      = 2007
}




  @Manual{rcore,
    title = {{R}: A Language and Environment for Statistical Computing},
    author = {{R Core Team}},
    organization = {R Foundation for Statistical Computing},
    address = {Vienna, Austria},
    year = {2018},
    url = {https://www.R-project.org/},
  }



@article{xiong2018comparison,
  title={Comparison of swirl sign and black hole sign in predicting early hematoma growth in patients with spontaneous intracerebral hemorrhage},
  author={Xiong, Xin and Li, Qi and Yang, Wen-Song and Wei, Xiao and Hu, Xi and Wang, Xing-Chen and Zhu, Dan and Li, Rui and Cao, Du and Xie, Peng},
  journal={Medical science monitor: international medical journal of experimental and clinical research},
  volume={24},
  pages={567},
  year={2018},
  publisher={International Scientific Literature, Inc.}
}


@article{shterev2018bayesian,
  title={Bayesian Multi-Plate High-Throughput Screening of Compounds},
  author={Shterev, Ivo D and Dunson, David B and Chan, Cliburn and Sempowski, Gregory D},
  journal={Scientific Reports},
  volume={8},
  number={1},
  pages={9551},
  year={2018},
  publisher={Nature Publishing Group}
}

@article{kushnir2018degree,
  title={Degree of mosaicism in trophectoderm does not predict pregnancy potential: a corrected analysis of pregnancy outcomes following transfer of mosaic embryos},
  author={Kushnir, Vitaly A and Darmon, Sarah K and Barad, David H and Gleicher, Norbert},
  journal={Reproductive Biology and Endocrinology},
  volume={16},
  number={1},
  pages={6},
  year={2018},
  publisher={BioMed Central}
}


@article{snarr2017parasternal,
  title={The Parasternal Short-Axis View Improves Diagnostic Accuracy for Inferior Sinus Venosus Type of Atrial Septal Defects by Transthoracic Echocardiography},
  author={Snarr, Brian S and Liu, Michael Y and Zuckerberg, Jeremy C and Falkensammer, Christine B and Nadaraj, Sumekala and Burstein, Danielle and Ho, Deborah and Gardner, Monique A and Butto, Arene and Ewing, Stanford G and others},
  journal={Journal of the American Society of Echocardiography},
  volume={30},
  number={3},
  pages={209--215},
  year={2017},
  publisher={Elsevier}
}


@article{veltri2018deep,
  title={Deep learning improves antimicrobial peptide recognition},
  author={Veltri, Daniel and Kamath, Uday and Shehu, Amarda},
  journal={Bioinformatics},
  volume={1},
  pages={8},
  year={2018},
  publisher={Oxford University Press}
}
